@article{greenwade93,
    author  = "George D. Greenwade",
    title   = "The {C}omprehensive {T}ex {A}rchive {N}etwork ({CTAN})",
    year    = "1993",
    journal = "TUGBoat",
    volume  = "14",
    number  = "3",
    pages   = "342--351"
}

@online{linuxfoundation-ckad, 
    author = "The Linux Foundation",
    title = "Certified Kubernetes Application Developer (CKAD)",
    date = "2025-08-08",
    url = "https://training.linuxfoundation.org/certification/certified-kubernetes-application-developer-ckad/"
}

@online{linuxfoundation-cka, 
    author = "The Linux Foundation",
    title = "Certified Kubernetes Administrator (CKA)",
    date = "2025-08-08",
    url = "https://training.linuxfoundation.org/certification/certified-kubernetes-administrator-cka/"
}

@online{cncf-curriculum,
	author = "Cloud Native Computing Foundation (CNCF)",
	title = "CNCF Curriculum",
	date = "2025-08-09",
	url = "https://github.com/cncf/curriculum"
}


@online{minikube-docs,
	author = "The Kubernetes Authors",
	title = "Minikube documentation",
	date = "2025-08-10",
	url = "https://minikube.sigs.k8s.io/docs/"
}

@online{linuxfoundation-exam-rules,
	author = "The Linux Foundation",
	title = "Exam Rules and Policies",
	date = "2025-08-17",
	url = "https://docs.linuxfoundation.org/tc-docs/certification/lf-handbook2/exam-rules-and-policies"
}

@online{linuxfoundation-important-instructions-cka-and-ckad,
	author = "The Linux Foundation",
	title = "Important Instructions: CKA and CKAD",
	date = "2025-08-17",
	url = "https://docs.linuxfoundation.org/tc-docs/certification/tips-cka-and-ckad"
}

@online{kubectl-commands,
	author = "The Kubernetes Authors",
	title = "Reference for kubectl command",
	date = "2025-08-17",
	url = "https://kubernetes.io/docs/reference/generated/kubectl/kubectl-commands"
}


@online{kubernetes-docs,
	author = "The Kubernetes Authors",
	title = "Kubernetes Documentation",
	date = "2025-08-17",
	url = "https://kubernetes.io/docs"
}


@online{vim-org,
	author = "The Vim Authors",
	title = "Vim - the ubiquitous text editor",
	date = "2025-08-30",
	url = "https://www.vim.org"
}

@online{nano-org,
	author = "The Nano Authors",
	title = "nano - Text editor",
	date = "2025-08-30",
	url = "https://www.nano-editor.org"
}

@online{psiexams-com, 
	author = "PSI Services LLC",
	title = "PSI, Test development, multi-modal delivery and security",
	date = "2025-08-30",
	url = "https://www.psiexams.com"
}


